<?xml version="1.0" encoding="UTF-8"?><record xmlns="http://www.loc.gov/MARC21/slim" xmlns:cinclude="http://apache.org/cocoon/include/1.0" xmlns:zs="http://www.loc.gov/zing/srw/">
  <leader>00394nz  a2200121n  4500</leader>
  <controlfield tag="001">n  86137969 </controlfield>
  <controlfield tag="003">DLC</controlfield>
  <controlfield tag="005">19861016061729.8</controlfield>
  <controlfield tag="008">860903n| acannaab|          |n aaa ||| b</controlfield>
  <datafield tag="010" ind1=" " ind2=" ">
    <subfield code="a">n  86137969 </subfield>
  </datafield>
  <datafield tag="040" ind1=" " ind2=" ">
    <subfield code="a">DNLM</subfield>
    <subfield code="c">DLC</subfield>
  </datafield>
  <datafield tag="100" ind1="1" ind2="0">
    <subfield code="a">Cohen, Elsa B.</subfield>
  </datafield>
  <datafield tag="670" ind1=" " ind2=" ">
    <subfield code="a">Ho, K. Basic changes in neuropathology [VR] c1984:</subfield>
    <subfield code="b">label (Elsa B. Cohen, M.D., Med. Coll. of Wisc.) credit frame (Elsa Cohen, Dept. of Path.)</subfield>
  </datafield>
</record>